<?xml version="1.0" encoding="UTF-8"?><collection xmlns="http://www.loc.gov/MARC21/slim"><record><leader>00411nam--2200145-i-4500</leader><controlfield tag="001">000021539</controlfield><controlfield tag="002">20161230</controlfield><controlfield tag="005">20161230201034</controlfield><controlfield tag="008">060222s1000------------r-----000-0-eng-d</controlfield><datafield ind1=" " ind2=" " tag="080"><subfield code="a">53</subfield></datafield><datafield ind1=" " ind2=" " tag="100"><subfield code="a">Hammer, Karl</subfield></datafield><datafield ind1=" " ind2=" " tag="245"><subfield code="a">Lehbruch der physik fur ingenieurschulen. mit 495 abbildungen. 2-te auflage</subfield></datafield><datafield ind1=" " ind2=" " tag="260"><subfield code="a">Munchen, R.Oldenbourg, 1958. 368 P</subfield></datafield><datafield ind1=" " ind2=" " tag="490"><subfield code="a">Kleibers Lehrbucher Der Physik</subfield></datafield><datafield ind1=" " ind2=" " tag="852"><subfield code="a">62(047)</subfield></datafield></record></collection>